@Misc{www-statista,
  author    = {Statista},
  title     = {Number of monthly active Twitter users in the United States},
  owner     = {hid-sp18-707},
  timestamp = {2017-03-22},
  url       = {https://www.statista.com/statistics/274564/monthly-active-twitter-users-in-the-united-states/},
}
@Misc{www-python,
  author       = {Python},
  title        = {Python.org},
  howpublished = {Webpage},
  year         = {2018},
  owner        = {hid-sp18-707},
  timestamp    = {2018-03-03},
  url          = {https://www.python.org/},
}

@Book{www-tpython,
  title     = {{Think Python}},
  publisher = {O' Reilly},
  year      = {2015},
  author    = {Downey, Allen},
  editor    = {Harr, Lee},
  owner     = {hid-sp18-707},
  timestamp = {2018-03-03},
}

@Book{www-ansible,
  title     = {{Ansible Up and Running}},
  publisher = {O'Reilly},
  year      = {2015},
  author    = {Hochstein, Lorin},
  editor    = {Anderson, Brian},
  owner     = {hid-sp18-707},
  timestamp = {2018-03-03},
}

@Book{www-aaspark,
  title     = {{Advanced Analytics with Spark}},
  publisher = {O'Reilly},
  year      = {2015},
  author    = {Ryza, Sandy and Laserson, Uri and Owen, Sean and Wills, Josh},
  editor    = {Beaugureau, Marie},
  owner     = {hid-sp18-707},
  timestamp = {2018-03-03},
}

@Book{www-hpspark,
  title     = {{High Performance Spark}},
  publisher = {O'Reilly},
  year      = {2017},
  author    = {Karau, Holden and Warren, Rachel},
  editor    = {Cutt, Shannon},
  owner     = {hid-sp18-707},
  timestamp = {2018-03-03},
}

@Misc{www-amueller,
  author       = {Mueller, Andreas},
  title        = {wordcloud},
  howpublished = {Webpage},
  month        = jan,
  year         = {2018},
  owner        = {hid-sp18-707},
  timestamp    = {2018-03-03},
  url          = {https://github.com/amueller/word_cloud},
}

@Misc{www-textblob,
  author       = {Loria, Steven},
  title        = {textblob},
  howpublished = {Webpage},
  month        = jan,
  year         = {2018},
  owner        = {hid-sp18-707},
  timestamp    = {2018-03-03},
  url          = {http://textblob.readthedocs.io/en/dev/},
}

@Misc{www-numpy,
  author       = {Numpy},
  title        = {Numpy},
  howpublished = {Webpage},
  year         = {2018},
  owner        = {hid-sp18-707},
  timestamp    = {2018-03-03},
  url          = {http://www.numpy.org/},
}

@Misc{www-ansibleweb,
  author       = {Ansible},
  title        = {Ansible},
  howpublished = {Webpage},
  month        = apr,
  year         = {2018},
  owner        = {hid-sp18-707},
  timestamp    = {2018-03-03},
  url          = {http://docs.ansible.com/ansible/latest/index.html},
}

@Misc{www-twitterapi,
  author       = {Twitter},
  title        = {Twitter},
  howpublished = {Webpage},
  year         = {2018},
  owner        = {hid-sp18-707},
  timestamp    = {2018-03-03},
  url          = {https://developer.twitter.com/en.html},
}

@Misc{www-fetchtweet,
  author       = {Grus, Joel},
  title        = {Data Science from Scratch},
  howpublished = {Webpage},
  month        = oct,
  year         = {2015},
  owner        = {hid-sp18-707},
  timestamp    = {2018-03-03},
  url          = {https://github.com/joelgrus/data-science-from-scratch/blob/master/code-python3/getting_data.py},
}


@Misc{www-hadoop,
  author       = {Hadoop},
  title        = {Hadoop},
  howpublished = {Webpage},
  year         = {2018},
  owner        = {hid-sp18-707},
  timestamp    = {2018-03-03},
  url          = {http://hadoop.apache.org/},
}

@Misc{www-matplot,
  author       = {Hunter, John and Droettboom, Michael},
  title        = {Matplotlib},
  howpublished = {Webpage},
  month        = mar,
  year         = {2018},
  owner        = {hid-sp18-707},
  timestamp    = {2018-03-03},
  url          = {https://pypi.org/project/matplotlib/2.2.2/},
}

@Misc{www-twy,
  author       = {McGrath, Ryan},
  title        = {Twython},
  howpublished = {Webpage},
  month        = aug,
  year         = {2017},
  owner        = {hid-sp18-707},
  timestamp    = {2018-03-03},
  url          = {https://pypi.org/project/twython/},
}

